@book{bernstein_2011, 
    place={New York}, 
    title={Dr. Bernstein's diabetes solution: The complete guide to achieving normal blood sugars}, 
    publisher={Little, Brown and Co.}, 
    author={Bernstein, Richard K.}, 
    year={2011}} 

@book{bernstein_2005, 
    place={New York}, 
    title={The Diabetes Diet}, 
    publisher={Little, Brown and Co.}, 
    author={Bernstein, Richard K.}, 
    year={2005}}

@misc{flavcity_2020, 
    title={Ultimate Egg Salad Recipe}, 
    url={https://www.flavcity.com/egg-salad-recipe/}, 
    journal={FlavCity with Bobby Parrish}, 
    year={2020}, 
    month={3}}

@misc{ketoqueens_2021,
    title={Easy Keto Broccoli Salad Recipe},
    url={https://theketoqueens.com/easy-keto-broccoli-salad-recipe/},
    author={Faith Gorsky},
    year={2021},
    month={7}}

@misc{mentaloutlaw_2021,
    title={Tuna Salad Sandwich},
    url={https://odysee.com/@AlphaNerd:8/tuna-salad-sandwich:7},
    author={Mental Outlaw},
    year={2021},
    month={6}}

@misc{letsdish_2020,
    title={Copycat Panera Greek Salad},
    url={https://letsdishrecipes.com/copycat-panera-greek-salad/},
    author={Danelle},
    year={2020},
    month={1}}

@misc{gaedke_2021, 
    title={The BEST Keto Cauliflower Mac And Cheese}, 
    url={https://www.ketoconnect.net/cauliflower-mac-cheese/}, 
    journal={KetoConnect}, 
    author={Gaedke, Matt}, 
    year={2021}, 
    month={7}}

@misc{diva_2004, 
    title={Jalapeno-lime Aioli}, 
    url={https://www.food.com/recipe/jalapeno-lime-aioli-100160}, 
    journal={Jalapeno-lime Aioli Recipe - Food.com}, 
    publisher={Food.com}, 
    author={Diva, Toolbelt}, 
    year={2004}, 
    month={9}}

@misc{flavcity_kebabs_2019, 
    title={Keto Kebab Meal Prep with Low Carb Pita Bread}, 
    url={https://www.flavcity.com/keto-kebab-meal-prep/}, 
    journal={FlavCity with Bobby Parrish}, 
    author={Bobby Parrish}, 
    year={2019}, 
    month={3}}

@misc{curp_franziska_spritzler_2021, 
    title={Low-Carb Yellow Rice - Arroz Amarillo Recipe}, 
    url={https://www.dietdoctor.com/recipes/low-carb-yellow-rice}, 
    journal={Diet Doctor}, 
    publisher={Diet Doctor}, 
    author={Curp, Cristina and Franziska Spritzler, RD}, 
    year={2021}, 
    month={8}}

@misc{youtube_tasty_2019, 
    title={How to Make Traditional Ethiopian Food With Marcus Samuelsson}, 
    url={https://www.youtube.com/watch?v=a0Z1vpJNrtE}, 
    journal={YouTube}, 
    publisher={YouTube}, 
    year={2019}, 
    month={2}}

@misc{hardesty_2021, 
    title={Low Carb Hamburger Buns (Keto Sandwich Rolls)}, 
    url={https://www.lowcarbmaven.com/low-carb-hamburger-buns/}, 
    journal={Low Carb Maven}, 
    author={Hardesty, About Kim}, 
    year={2021}, 
    month={6}}

@misc{wholesomeyum_2019, 
    title={Lemon Garlic Tahini Sauce Dressing Recipe: Wholesome Yum}, 
    url={https://www.wholesomeyum.com/tahini-sauce-recipe/}, 
    journal={Wholesome Yum | Natural Keto Recipes}, 
    author={Maya Krampf}, 
    year={2019}, 
    month={8}}

@misc{lina_2020, 
    title={Low Carb Olive Garden Zuppa Toscana Soup (Better Than the Real Thing!)}, 
    url={https://hip2keto.com/recipes/low-carb-zuppa-toscana-soup/}, 
    journal={Hip2Keto}, 
    author={Lina}, 
    year={2020}, 
    month={12}}

@misc{mccolgan_2021, 
    title={Keto Pozole, Spicy Mexican Soup Without the Carby Guilt!}, 
    url={https://healnourishgrow.com/mexican-pozole-keto/}, 
    journal={Heal Nourish Grow}, 
    author={McColgan, Cheryl}, 
    year={2021}, 
    month={1}}

 @misc{suzy_karadsheh_2021, 
    title={Easy traditional Greek salad recipe}, 
    url={https://www.themediterraneandish.com/traditional-greek-salad-recipe/}, 
    journal={The Mediterranean Dish}, 
    author={Suzy Karadsheh}, 
    year={2021}, 
    month={3}} 

@misc{jessica_2020, 
    title={Authentic Greek Seasoning Recipe - An Easy Homemade Spice Blend!}, 
    url={https://thenovicechefblog.com/greek-seasoning/}, 
    journal={The Novice Chef}, 
    author={Jessica}, 
    year={2020}, 
    month={7}}

 @misc{spicy_tasty_2010, 
    title={Andhra mutton curry / lamb curry}, 
    author={shriya},
    year={2010},
    url={http://www.spicytasty.com/meat-and-seafood-entrees/andhra-mutton-curry/}, 
    journal={Spicy Tasty}} 

@misc{HowToBBQRight_PorkRoast_2022,
  author       = {HowToBBQRight Youtube Channel},
  title        = {Smoked Mississippi Pork Roast},
  year         = {2022},
  month        = {2},
  url          = {https://www.youtube.com/watch?v=APXCo4TJun8&t=287s}
}

@misc{ASpicyPerspective_PandaExpressSuperGreens_2019,
  author       = {Sommer Collier},
  title        = {Panda Express Super Greens (copycat recipe)},
  year         = {2019},
  month        = {12},
  url          = {https://www.aspicyperspective.com/panda-express-super-greens-copycat-recipe/}
}

@misc{ImHungryForThat_BlackPepperAngusSteak_2022,
  author       = {Joe Duff},
  title        = {BLACK PEPPER ANGUS STEAK PANDA EXPRESS COPYCAT RECIPE},
  year         = {2022},
  month        = {7},
  url          = {https://imhungryforthat.com/black-pepper-angus-steak-panda-express-recipe/}
}

@misc{BudgetBytes_CarrotCake_2019,
  author       = {Beth Moncel},
  title        = {Carrot Cake Baked Oatmeal},
  year         = {2019},
  month        = {6},
  url          = {https://www.budgetbytes.com/carrot-cake-baked-oatmeal/}
}

@misc{ICantBelieveItsLowCarb_NachoCheeseSauce_2020,
  author       = {Stephanie Parlegreco},
  title        = {Low Carb Cheddar Cheese Sauce},
  year         = {2020},
  month        = {7},
  url          = {https://icantbelieveitslowcarb.com/keto-cheese-sauce/}
}

@misc{TwoPeasAndTheirPod_BaconPotatoEggCasserole_2020,
  author       = {Maria Lichty},
  title        = {Bacon, Potato, and Egg Casserole},
  year         = {2020},
  month        = {4},
  url          = {https://www.twopeasandtheirpod.com/bacon-potato-and-egg-casserole/}
}

@misc{FoodAndWine_ChunkyBorscht_2019,
  author       = {Food \& Wine},
  title        = {Chunky Borscht},
  year         = {2019},
  month        = {10},
  url          = {https://www.foodandwine.com/recipes/chunky-borscht}
}

@misc{Pillsbury_BreakfastBurritos_2021,
  author       = {Shawn Syphus},
  title        = {Easy Breakfast Burritos},
  year         = {2021},
  month        = {07},
  url          = {https://www.pillsbury.com/recipes/easy-breakfast-burritos/2fd0666e-79c3-40e8-a375-7be8e6db7360}
}

@misc{MirlandrasKitchen_HashBrowns_2017,
  author       = {Mirlandra},
  title        = {Crispy Oven Hash Browns},
  year         = {2017},
  month        = {8},
  url          = {https://www.mirlandraskitchen.com/oven-hash-browns/}
}